@book{
b1, 
author ="王生原，董渊，张素琴，吕映芝等", 
year = "2010",
title="编译原理（第3版）", 
publisher ="北京：清华大学出版社" 
}

@book{
b2,
author ="严蔚敏等", 
year = "1999",
title="数据结构（C语言版）", 
publisher ="北京：清华大学出版社" 
}